<?xml version="1.0" encoding="UTF-8"?><record xmlns="http://www.loc.gov/MARC21/slim" xmlns:cinclude="http://apache.org/cocoon/include/1.0" xmlns:zs="http://www.loc.gov/zing/srw/">
  <leader>00433cz  a2200133n  4500</leader>
  <controlfield tag="001">n  88602165 </controlfield>
  <controlfield tag="003">DLC</controlfield>
  <controlfield tag="005">20000617070132.0</controlfield>
  <controlfield tag="008">880112n| acannaabn          |n aad      </controlfield>
  <datafield tag="010" ind1=" " ind2=" ">
    <subfield code="a">n  88602165 </subfield>
  </datafield>
  <datafield tag="035" ind1=" " ind2=" ">
    <subfield code="a">(OCoLC)oca02179984</subfield>
  </datafield>
  <datafield tag="040" ind1=" " ind2=" ">
    <subfield code="a">DLC</subfield>
    <subfield code="b">eng</subfield>
    <subfield code="c">DLC</subfield>
    <subfield code="d">DLC</subfield>
    <subfield code="d">OCoLC</subfield>
  </datafield>
  <datafield tag="100" ind1="1" ind2=" ">
    <subfield code="a">Muñoz C., Mirian</subfield>
  </datafield>
  <datafield tag="670" ind1=" " ind2=" ">
    <subfield code="a">nuc88-3348: Rojas M., B. La delincuencia en Venezuela, 1967</subfield>
    <subfield code="b">(hdg. on NjP rept.: Muñoz C., Mirian; usage: Mirian Muñoz C.)</subfield>
  </datafield>
</record>